@conference{sevconf2014,
    author={А.Р.~Умеров and Е.Н.~Мащенко},
    title={Анализ технологий контейнерной виртуализации},
    booktitle={Мир компьютерных технологий. Материалы внутривузовской студенческой научно-технической конференции},
    %editor   = "Е.~Н.~Мащенко",
    pages={32},
    year={2014},
    %month={Апрель},
    publisher={Севастополь: СевНТУ}
}

@article{virtuallinux,
  title={Виртуальный Linux. Обзор методов виртуализации, архитектур и реализаций},
  url={http://www.ibm.com/developerworks/ru/library/l-linuxvirt/},
  year={2007},
  author={М. Тим Джонс}
}

@article{cloud,
  title={Облачные вычисления},
  url={http://www.ibm.com/cloud-computing/ru/ru/learn.html},
  year={2015}
}
